@book{aurelio,
  title={Novo dicion{\'a}rio Aur{\'e}lio da l{\'\i}ngua portuguesa},
  author={de Holanda Ferreira, A.B. and Ferreira, M.B. and dos Anjos, M.},
  year={2004},
  publisher={Editora Positivo}
}